@Article{Chao,
 author = {Chao I.M.},
 title = {A tabu search method for the truck and trailer routing problem.},
 journal = {Computers and Operations Research},
 year = {2002},
 volume = {1},
 number = {29},
 pages = {33-51},
}

@Article{Scheuerer,
 author = {Scheurer S.A},
 title = {A tabu search method for the truck and trailer routing problem},
 journal = {Computers and Operations Research},
 year = {2006},
 volume = {1},
 number = {33},
 pages = {894-909},
}

@Article{Lin,
 author = {Lin S-W},
 title = {Solving the truck and trailer routing problem based on a simulated annealing heuristic},
 journal = {Computers and Operations Research},
 year = {2009},
 volume = {36},
 number = {1},
 pages = {1963-92},
}

@Article{Villegas,
 author = {Villegas JG},
 title = {A GRASP with evolutionary path relinking for the truck and trailer routing problem},
 journal = {Computers and Operations Research},
 year = {2011},
 volume = {38},
 number = {1},
 pages = {1319-34},
}

@Article{Ulrich,
 author = {Ulrich D.},
 title = {Truck and trailer routingâ€”Problems, heuristics and computational experience},
 journal = {Computers and Operations Research},
 year = {2013},
 volume = {40},
 number = {2},
 pages = {536-546},
}
@Article{Isis,
 author = {Isis T},
 title = {International Journal of Computational Intelligence Systems},
 journal = {Solving the Truck and Trailer Routing Problem with Fuzzy Constraints},
 year = {2015},
 volume = {8},
 number = {4},
 pages = {713-724},
}
@Article{Gerdessen,
 author = {Gerdessen JC},
 title = {Vehicle routingproblem with trailers},
 journal = {European Journal of Operational Research},
 year = {1996},
 volume = {93},
 number = {1},
 pages = {135-47},
}
@Article{Gillett,
 author = { Gillett BE},
 title = {A heuristic algorithm for the vehicle-dispatch problem},
 journal = {European Journal of Operational Research},
 year = {1974},
 volume = {22},
 number = {2},
 pages = {340-9},
}

